@STRING( EL = "Electronics Letters"
)

@STRING( ICL = "IEEE Communications Letters"
)

@STRING( ICM = "IEEE Communications Magazine"
)

@STRING( IJSAC = "IEEE Journal on Selected Areas of Communication"
)

@STRING( IJSC = "International Journal of Satellite Communications"
)

@STRING( ITC = "IEEE Transactions on Communications"
)

@STRING( ITIT = "IEEE Transactions on Information Theory"
)

@STRING( ITVT = "IEEE Transactions on Vehicular Technology"
)

@article{Shannon:A_Mathematical_Theory_of_Communications,
  author  = {C. Shannon},
  title   = {{A} {M}athematical {T}heoryof {C}ommunications},
  journal = {Bell Systems Technical Journal},
  year    = {1948},
  volume  = {27},
  month   = {October}
}

@book{Haykin:Communication_Systems,
  author    = {Simon Haykin},
  title     = {Communications {S}ystems},
  publisher = {John Wiley and Sons},
  year      = 1994,
  address   = {New York},
  edition   = {3}
}

@online{WHO2020,
  author = {World Health Organisation},
  title  = {The top 10 causes of death},
  year   = {2020},
  month  = {12},
  day    = {9},
  url    = {https://www.who.int/news-room/fact-sheets/detail/the-top-10-causes-of-death}
}

@inproceedings{Hurtik2018,
  author    = {P. Hurtik and D. Číž and O. Kaláb and D. Musiolek and P. Kočáek and M. Tomis},
  title     = {Software for Visual Insect Tracking Based on F-transform Pattern Matching},
  booktitle = {IEEE Second International Conference on Data Stream Mining \& Processing},
  year      = {2018},
  address   = {Lviv, Ukraine}
}

@inproceedings{Khan2003,
  author    = {Z. Khan and T. Balch and F. Dellaert},
  title     = {Efficient Particle Filter-Based Tracking of Multiple Interacting Targets Using an MRF-based Motion Model},
  booktitle = {Proceedings of the 2003 IEEE/RSJ Intl. Conference on Intelligent Robots and Systems},
  year      = {2003},
  address   = {Las Vegas, Nevada, USA}
}

@inproceedings{Liang2016,
  author    = {W. Liang and H. Wang and H. Krim},
  title     = {A Behaviour-Based Evalutation of Product Quality},
  booktitle = {International Conference on Acoustics, Speech, and Signal Processing},
  year      = {2016}
}

@inproceedings{Bao2018,
  author    = {Y. Bao and H. Krim},
  title     = {Video Tracking of Insect Flight Path: Towards Behavioral Assessment},
  booktitle = {IEEE},
  year      = {2018}
}

@techreport{SORT-Bewley2017,
  author      = {A. Bewley and Z. Ge and L. Ott and F. Ramos and B. Upcroft},
  title       = {Simple Online Realtime Tracking},
  institution = {Queensland University of Technology, University of Sydney},
  year        = {2017}
}

